<?xml version="1.0" encoding="UTF-8"?><collection xmlns="http://www.loc.gov/MARC21/slim"><record><leader>00423nam--2200133-i-4500</leader><controlfield tag="001">000025966</controlfield><controlfield tag="002">20161230</controlfield><controlfield tag="005">20161230201036</controlfield><controlfield tag="008">060222s1000------------r-----000-0-eng-d</controlfield><datafield ind1=" " ind2=" " tag="080"><subfield code="a">539.125.523(047.1):681.3.06(047.1)</subfield></datafield><datafield ind1=" " ind2=" " tag="100"><subfield code="a">Kaloinen, E</subfield></datafield><datafield ind1=" " ind2=" " tag="245"><subfield code="a">Trigon, a two-dimensional multigroup diffusion code for trigonal or hexagonal mesh</subfield></datafield><datafield ind1=" " ind2=" " tag="260"><subfield code="a">Otaniemi, Technical Research Centre Of Finland, 1973, 60p</subfield></datafield><datafield ind1=" " ind2=" " tag="852"><subfield code="a">39470</subfield></datafield></record></collection>